<?xml version="1.0" encoding="UTF-8"?><record xmlns="http://www.loc.gov/MARC21/slim" xmlns:cinclude="http://apache.org/cocoon/include/1.0" xmlns:zs="http://www.loc.gov/zing/srw/">
  <leader>00687nz  a2200193n  4500</leader>
  <controlfield tag="001">n  50048315 </controlfield>
  <controlfield tag="003">DLC</controlfield>
  <controlfield tag="005">19840322000000.0</controlfield>
  <controlfield tag="008">800811n| acannaab|          |a aaa |||  </controlfield>
  <datafield tag="010" ind1=" " ind2=" ">
    <subfield code="a">n  50048315 </subfield>
  </datafield>
  <datafield tag="040" ind1=" " ind2=" ">
    <subfield code="a">DLC</subfield>
    <subfield code="c">DLC</subfield>
  </datafield>
  <datafield tag="100" ind1="1" ind2="0">
    <subfield code="a">Leĭbzon, B. M.</subfield>
    <subfield code="q">(Boris Moiseevich),</subfield>
    <subfield code="d">1906-</subfield>
  </datafield>
  <datafield tag="400" ind1="1" ind2="0">
    <subfield code="w">nnaa</subfield>
    <subfield code="a">Leĭbzon, Boris Moiseevich</subfield>
  </datafield>
  <datafield tag="400" ind1="1" ind2="0">
    <subfield code="a">Leibzon, B. N.,</subfield>
    <subfield code="d">1906-</subfield>
  </datafield>
  <datafield tag="400" ind1="1" ind2="0">
    <subfield code="a">Lejbzon, Boris Michajlovič,</subfield>
    <subfield code="d">1906-</subfield>
  </datafield>
  <datafield tag="400" ind1="1" ind2="0">
    <subfield code="a">Leibson, Boris,</subfield>
    <subfield code="d">1906-</subfield>
  </datafield>
  <datafield tag="400" ind1="1" ind2="0">
    <subfield code="a">Leĭbzon, Boris Moiseevich,</subfield>
    <subfield code="d">1906-</subfield>
  </datafield>
  <datafield tag="670" ind1=" " ind2=" ">
    <subfield code="a">Bugaev, E. I.</subfield>
    <subfield code="b">Besedy ob ustave KPSS, 1962.</subfield>
  </datafield>
  <datafield tag="670" ind1=" " ind2=" ">
    <subfield code="a">His International unity of Communists, 1981:</subfield>
    <subfield code="b">t.p. (Boris Leibson) p. 4 of cover (Prof., D. Sc. (Hist.), b. 1906)</subfield>
  </datafield>
</record>